1892 3642
219 416 588 465 cirusRnsrnvarr.
714 430 743 477 31

85 483 128 518 tter
141 475 255 537 personas
273 475 389 527 affinitate
400 478 711 543 spititualiconjunmr.nc
722 499 745 530 r.

85 533 166 594 Quidem
182 542 245 589 inter
263 544 390 606 personam
411 544 555 607 baptizatam
572 548 596 593 δι
618 546 746 607 personam

87 604 233 662 aptiuntem.
246 620 268 652 2.
282 611 345 654 Inter
354 610 475 670 patrinum
488 609 512 656 δι
521 611 652 656 matrinam
660 626 687 657 cx
698 625 747 656 una

87 678 146 724 arte,
165 672 329 732 &personam
349 673 493 736 baptizatam
508 688 536 720 ex
548 671 633 720 altera.
656 690 678 730 3.
694 677 744 720 De-

86 730 139 793 tique
156 734 219 782 inter
236 735 415 798 baptizantem,
435 738 558 802 patrinum
571 739 595 782 δι
615 738 746 788 martitram

88 809 98 839 r
111 810 157 844 una
167 812 234 861 parte
243 831 253 857 ,
263 801 290 848 bt
300 813 390 866 patrem
400 814 428 848 ac
441 814 543 848 matrem
553 799 658 864 persone
669 801 747 864 bapti-

86 870 124 906 ata
137 876 164 907 ex
178 861 264 910 altera.

103 927 202 973 XVIII.
222 924 370 975 Adulterium
384 924 518 992 quodlibet,
542 926 613 974 eriam
635 926 747 990 implere,

86 990 194 1057 gonjugati
217 988 308 1038 scilicet
328 990 366 1038 vel
385 994 518 1100 eonjupatae
538 1006 594 1038 cum
611 989 691 1040 soluto
708 989 749 1044 vel

88 1049 299 1107 uluta31iramen
316 1057 440 1102 notorium
473 1069 492 1100 t.

106 1119 173 1162 XIX.
186 1116 360 1167 concubinatus
364 1118 454 1183 pariter
464 1117 585 1166 notorius:
608 1132 640 1164 uo
647 1116 750 1165 nomIne

86 1176 216 1243 nteliigitur
231 1183 373 1231 concubitus
391 1179 501 1245 frequens
520 1185 544 1230 δι
562 1133 607 1230 assJ
614 1195 664 1228 etus
677 1179 751 1227 soluti

86 1256 128 1288 :um
146 1244 244 1303 soluta,
258 1248 302 1312 qui
323 1243 367 1293 Iibi
386 1249 510 1302 invicem,
530 1245 602 1293 Instar
621 1246 702 1293 mariti
722 1247 750 1291 δι

86 1309 173 1365 noris,
188 1307 237 1356 five
257 1311 284 1356 In
301 1308 408 1368 iisdem,
427 1308 472 1357 srve
485 1312 512 1357 in
522 1305 621 1358 divertit
637 1306 729 1358 adibus
741 1345 751 1372 ,

86 1370 168 1420 tutori&
181 1370 316 1421 adbaerent.
569 1383 572 1390 '

110 1440 164 1482 XX.
184 1439 281 1501 Raptus
292 1457 301 1493 ‚·
314 1434 369 1484 crim
387 1434 474 1484 mulier
494 1435 533 1485 vei
555 1435 634 1500 puella
654 1434 752 1486 honeste

86 1497 176 1557 virens,
194 1498 245 1548 rive
262 1504 358 1559 invita,
368 1497 415 1548 five
424 1502 510 1548 invitis
520 1505 569 1561 ejus
581 1514 621 1548 aut
633 1515 698 1563 patre
709 1513 750 1547 aut

86 1576 168 1619 matre,
187 1578 229 1612 aut
243 1567 351 1622 marito,
366 1579 407 1611 aut
418 1562 473 1612 aliis
488 1567 514 1610 in
526 1579 628 1627 quorum
655 1562 755 1611 otestato

86 1624 127 1684 tsi,
139 1625 171 1674 ad
184 1631 370 1676 matrimonium
385 1625 595 1688 contrahendum,
606 1581 654 1679 vei
662 1626 693 1675 ad
710 1643 753 1674 ex·

86 1687 187 1751 piendam
203 1691 355 1752 libidinem,
371 1689 506 1740 abducitur.

108 1756 374 1806 Erronmtunieutionem
384 1755 451 1803 haber
462 1753 582 1818 ipfhfasio
590 1771 704 1803 annexam
713 1792 721 1813 ‚
728 1753 753 1817 fi

86 1819 218 1870 matrimonii
227 1820 311 1870 intuitu
317 1819 368 1883 fiat
378 1835 387 1879 ;
405 1821 441 1867 cui
453 1819 691 1881 jubjiciunruromnes
700 1837 754 1868 con-

86 1879 149 1939 filium
159 1920 167 1942 ,
176 1885 294 1934 auxilium
297 1884 433 1945 favoremve
439 1882 591 1955 prestantes:
601 1901 625 1931 at
635 1919 643 1943 ,
654 1886 678 1931 in
690 1900 755 1932 utro·

87 1964 120 2013 que
132 1951 227 2014 capite,
246 1947 372 2010 reservatur
381 1948 523 2013 spetialiter.

110 2016 182 2060 XXI.
197 2016 223 2062 V
224 2013 310 2062 iolario
325 2011 426 2059 mulieris
441 2029 482 2059 aut
494 2012 597 2076 puelia,
612 2008 639 2059 id
654 2010 754 2067 est‚co·

86 2075 132 2136 pria
144 2077 235 2126 illitita
246 2092 287 2142 per
300 2078 350 2125 vim
361 2114 368 2133 ‚
381 2091 431 2124 non
448 2092 527 2124 aurem
540 2092 581 2139 per
592 2073 758 2140 ptomiffiouca

87 2154 119 2187 tut
134 2140 269 2190 blanditias
279 2141 309 2188 ab
325 2143 464 2188 iisextorta.
740 2199 743 2207 Ι

111 2210 200 2254 XXII.
220 2204 403 2253 Matrimonium
425 2203 565 2253 contrudum
582 2201 700 2264 scienter,
717 2218 758 2248 νι-,

87 2276 147 2315 'vente
160 2271 237 2318 adhuc
248 2269 323 2334 priori
340 2269 422 2316 marito
434 2269 471 2315 vei
485 2286 565 2317 uxore.

115 2338 220 2382 XXIII.
239 2332 418 2380 Matrimonium
434 2332 573 2382 contrabium
585 2348 627 2395 per
643 2327 713 2378 uerba
730 2326 758 2374 de

87 2394 185 2457 presenti
197 2398 267 2456 aliter
274 2396 341 2461 quim
350 2413 425 2444 coram
437 2397 558 2454 parocho,
571 2397 599 2444 V
597 2394 668 2442 icario
679 2392 757 2440 alioue

88 2461 203 2510 Sacerdose
217 2461 246 2509 ab
262 2459 317 2523 ipfit
334 2461 372 2507 uei
388 2459 403 2506 α’
418 2460 494 2509 Nobis
508 2460 616 2523 deputato
628 2492 636 2516 ‚
649 2454 721 2515 fimus
735 2452 763 2503 δ’

88 2540 179 2588 quatuor
194 2524 299 2586 testibus.
312 2530 371 2572 Item
390 2527 572 2574 matrimonium
591 2536 631 2585 pet
647 2516 760 2582 praediem

89 2590 155 2636 verba
179 2589 329 2637 contrassurn
353 2585 451 2654 quidem
467 2604 549 2636 coram
572 2587 699 2639 uarocho,
718 2575 761 2637 sed

89 2653 169 2715 absque
183 2652 251 2700 illius
266 2649 432 2716 bencdictione
444 2654 555 2716 quamvis
571 2648 653 2713 petiti.

117 2718 387 2765 Excomurunimtionem
397 2716 463 2764 babet
472 2716 593 2779 ipsoiudio
609 2726 724 2760 annexum
736 2706 760 2760 fr-

88 2780 221 2840 rrservnrom
230 2816 237 2838 ,
247 2781 271 2827 in
282 2783 321 2827 hoe
330 2780 410 2827 ultimo
418 2780 471 2841 casu
480 2815 488 2837 ,
497 2777 595 2826 Starutis
603 2774 761 2843 Synodaiibur

90 2839 141 2891 arrii
159 2854 216 2905 1673
230 2865 238 2895 .·
250 2859 276 2894 at
290 2845 316 2892 in
330 2860 425 2913 utroque
435 2857 551 2910 peecatum
568 2839 693 2908 reservatur
704 2840 763 2906 spei

94 2907 185 2962 rinilrer.
388 2914 392 2920 '
438 2912 441 2919 '
587 2907 593 2913 ”
